<record><leader>00000cas a2200000 a 4500</leader><controlfield tag="001">12545962</controlfield><controlfield tag="008">850913d19011910kyudr ne      0    0eng d</controlfield><datafield ind1=" " ind2=" " tag="010"><subfield code="a">sn 85052120 </subfield></datafield><datafield ind1=" " ind2=" " tag="040"><subfield code="a">KNP</subfield><subfield code="b">eng</subfield><subfield code="c">KNP</subfield><subfield code="d">OCL</subfield><subfield code="d">OCLCQ</subfield><subfield code="d">KYUBL</subfield><subfield code="d">OCLCQ</subfield><subfield code="d">OCLCF</subfield><subfield code="d">OCLCO</subfield></datafield><datafield ind1="1" ind2=" " tag="029"><subfield code="a">AU@</subfield><subfield code="b">000021635629</subfield></datafield><datafield ind1=" " ind2=" " tag="042"><subfield code="a">msc</subfield></datafield><datafield ind1=" " ind2=" " tag="043"><subfield code="a">n-us-ky</subfield></datafield><datafield ind1="0" ind2=" " tag="130"><subfield code="a">Daily news=democrat (Paducah, Ky.)</subfield></datafield><datafield ind1="1" ind2="4" tag="245"><subfield code="a">The daily news=democrat.</subfield></datafield><datafield ind1=" " ind2=" " tag="260"><subfield code="a">Paducah, Ky. :</subfield><subfield code="b">Democrat Pub. Co.,</subfield><subfield code="c">-1910.</subfield></datafield><datafield ind1=" " ind2=" " tag="300"><subfield code="a">v. :</subfield><subfield code="b">ill.</subfield></datafield><datafield ind1=" " ind2=" " tag="310"><subfield code="a">Daily</subfield></datafield><datafield ind1="1" ind2=" " tag="362"><subfield code="a">Began with Sept. 22, 1901 issue?</subfield></datafield><datafield ind1="0" ind2=" " tag="362"><subfield code="a">-v. 43, no. 180 (Aug. 12, 1910).</subfield></datafield><datafield ind1=" " ind2=" " tag="515"><subfield code="a">Resumes the volume numbering of Paducah news after Vol. 1, no. 5.</subfield></datafield><datafield ind1=" " ind2=" " tag="588"><subfield code="a">Description based on: Vol. 1, no. 5 (Sept. 26, 1901).</subfield></datafield><datafield ind1=" " ind2="0" tag="651"><subfield code="a">Bath County (Ky.)</subfield><subfield code="v">Newspapers.</subfield></datafield><datafield ind1=" " ind2="0" tag="651"><subfield code="a">Owingsville (Ky.)</subfield><subfield code="v">Newspapers.</subfield></datafield><datafield ind1=" " ind2="7" tag="655"><subfield code="a">Newspapers.</subfield><subfield code="2">fast</subfield><subfield code="0">(OCoLC)fst01423814</subfield></datafield><datafield ind1=" " ind2="7" tag="651"><subfield code="a">Kentucky</subfield><subfield code="z">Bath County.</subfield><subfield code="2">fast</subfield><subfield code="0">(OCoLC)fst01206958</subfield></datafield><datafield ind1=" " ind2="7" tag="651"><subfield code="a">Kentucky</subfield><subfield code="z">Owingsville.</subfield><subfield code="2">fast</subfield><subfield code="0">(OCoLC)fst01252217</subfield></datafield><datafield ind1=" " ind2=" " tag="752"><subfield code="a">United States</subfield><subfield code="b">Kentucky</subfield><subfield code="c">McCracken</subfield><subfield code="d">Paducah.</subfield></datafield><datafield ind1="0" ind2=" " tag="775"><subfield code="t">Weekly news=democrat (Paducah, Ky.)</subfield><subfield code="w">(DLC)sn 85052121</subfield></datafield><datafield ind1="0" ind2="4" tag="780"><subfield code="t">Paducah news (Paducah, Ky. : 1900)</subfield><subfield code="w">(DLC)sn 85052126</subfield></datafield><datafield ind1="0" ind2="4" tag="780"><subfield code="t">Paducah daily democrat (Paducah, Ky. : 1901)</subfield><subfield code="w">(DLC)sn 85052125</subfield></datafield><datafield ind1="0" ind2="5" tag="780"><subfield code="t">Sunday visitor (Paducah, Ky.)</subfield><subfield code="g">Sept. 1901</subfield><subfield code="w">(DLC)sn 85052124</subfield></datafield><datafield ind1="0" ind2="0" tag="785"><subfield code="t">News=democrat (Paducah, Ky.)</subfield><subfield code="w">(DLC)sn 84027479</subfield></datafield></record>